%% bibtex Bibliography
%% Author: Julius Eberhard
%% last edit: 2017-03-24
%% 

@article{       asner03,
  author        = {Asner, G.P. and Scurlock, J.M.O. and Hicke, J.A.},
  year          = {2003},
  title         = {Global synthesis of leaf area index observations: implications for ecological and remote sensing studies},
  journal       = {Global Ecology and Biogeography},
  volume        = {12},
  pages         = {191--205},
  owner         = {jeberhard}
}

@inproceedings{ berger73,
  author        = {Berger, A.},
  year          = {1973},
  title         = {Le potentiel hydrique et la r\'esistance \`a la diffusion dans les stomates indicateurs de l'\'etat hydrique de la plante},
  booktitle     = {Proceedings of the Uppsala Symposium, 1970},
  organization  = {UNESCO},
  note          = {Paris},
  pages         = {201--211},
  owner         = {jeberhard}
}

@article{       black69,
  author        = {Black, T.A. and Gardner, W.R. and Thurtell, G.W.},
  year          = {1969},
  title         = {The prediction of evaporation, drainage, and soil water storage for a bare soil},
  journal       = {Soil Science Society of America Journal},
  volume        = {33},
  pages         = {655--660}
}

@article{       boesten86,
  author        = {Boesten, J.J.T.I. and Stroosnijder, L.},
  year          = {1986},
  title         = {Simple model for daily evaporation from fallow tilled soil under spring conditions in a temperate climate},
  journal       = {Netherlands Journal of Agricultural Science},
  volume        = {34},
  pages         = {75--90},
  owner         = {jeberhard}
}

@inproceedings{	bolt79,
  author        = {Bolt, G.H.},
  year          = {1979},
  title         = {Movement of solutes in soil: Principles of adsorption/exchange chromatography},
  booktitle     = {Soil Chemistry: B. Physio-chemical Models},
  organization  = {Elsevier},
  note          = {Amsterdam},
  pages         = {285--348}
}

@article{       braden85,
  author        = {Braden, H.},
  year          = {1985},
  title         = {Ein Energiehaushalts- und Verdunstungsmodell f\"ur Wasser- und Stoffhaushaltsuntersuchungen landwirtschaftlich genutzer Einzugsgebiete},
  journal       = {Mitteilungen Deutsche Bodenkundliche Gesellschaft},
  volume        = {42},
  pages         = {294--299}
}

@inbook{        bridgham01,
  author        = {Bridgham, S.D. and Ping, C.L. and Richardson, J.L. and Updegraff, K.},
  year          = {2001},
  title         = {Wetland soils: genesis, hydrology, landscapes, and classification},
  chapter       = {Soils of northern peatlands: histosols and gelisols},
  publisher     = {CRC Press},
  editor        = {Vepraskas, M.J. and Craft, C.B.},
  owner         = {jeberhard}
}

@article{       brunt32,
  author        = {Brunt, D.},
  year          = {1932},
  title         = {Notes on radiation in the atmosphere},
  journal       = {Quarterly {J}ournal of the {R}oyal {M}eteorological {S}ociety},
  volume        = {58},
  pages         = {389--418}
}

@book{          budyko74,
  author        = {Budyko, M.I.},
  year          = {1974},
  title         = {Climate and life},
  publisher     = {Elsevier},
  note          = {New York}
}

@article{       celia90,
  author        = {Celia, M.A. and Bouloutas, E.T. and Zarba, R.L.},
  year          = {1990},
  title         = {A general mass-conservative numerical solution for the unsaturated flow equation},
  journal       = {Water Resources Research},
  volume        = {26},
  pages         = {1483--1496}
}

@book{          darcy56,
  author        = {Darcy, H.},
  year          = {1856},
  title         = {Les fontaines publiques de la ville de Dijon},
  publisher     = {V. Dalmont},
  note          = {Paris},
  owner         = {jeberhard}
}

@inproceedings{ debruin87,
  author        = {De Bruin, H.A.R.},
  year          = {1987},
  title         = {From {P}enman to {M}akkink},
  booktitle     = {Hooghart, J.C. (Ed.), Evaporation and Weather: Proceedings and information No. 39},
  organization  = {TNO Committee on Hydrological Research},
  note          = {The Hague},
  owner         = {jeberhard}
}

@article{       delouw10,
  author        = {De Louw, P.G.B. and Oude Essink, G.H.P. and Stuyfzand, P.J. and Van der Zee, S.E.A.T.M.},
  year          = {2010},
  title         = {Upward groundwater flow in boils as the dominant mechanism of salinization in deep polders, The Netherlands},
  journal       = {Journal of Hydrology},
  volume        = {394},
  pages         = {494--506},
  owner         = {jeberhard}
}

@incollection{  denmead76,
  author        = {Denmead, O.T.},
  year          = {1976},
  title         = {Temperate cereals},
  booktitle     = {Vegetation and the atmosphere, Vol. 2},
  editor        = {Monteith, J.L.},
  pages         = {1--31},
  publisher     = {Academic Press}
}

@phdthesis{     dufrene89,
  author        = {Dufr\^ene, E.},
  year          = {1989},
  title         = {Photosynth\`ese, consommation en eau et mod\'elisation de la production chez le palmier \`a huile},
  school        = {Universit\'e Paris-Sud, Orsay}
}

@book{          eeve04,
  author        = {Kramer, J. and Janssen, T. and Kromminga, H.},
  year          = {2004},
  title         = {125 Jahre I. Entw\"asserungsverband Emden},
  publisher     = {EEVE},
  note          = {Emden},
  owner         = {tgraeff}
}

@misc{          eevemap,
  author        = {Erster Entw\"asserungsverband Emden},
  year          = {2014},
  title         = {Gew\"asserkarte 1:30000},
  note          = {Emden},
  owner         = {jeberhard}
}

@article{       ernst56,
  author        = {Ernst, L.F.},
  year          = {1956},
  title         = {Calculation of the steady flow of groundwater in vertical cross-sections},
  journal       = {Netherlands Journal of Agricultural Science},
  volume        = {4},
  pages         = {126--131}
}

@techreport{    fao77,
  author        = {Doorenbos, J. and Pruitt, W. O.},
  year          = {1977},
  title         = {Guidelines for predicting crop water requirements -- {FAO} Irrigation and drainage paper 24},
  institution   = {Food and Agriculture Organization of the United Nations},
  note          = {Rome},
  url           = {http://www.fao.org/3/a-f2430e.pdf}
}

@techreport{    fao98,
  author        = {Allen, R.G. and Pereira, L.S. and Raes, D. and Smith, M.},
  year          = {1998},
  title         = {Crop evapotranspiration -- Guidelines for computing crop water requirements -- {FAO} Irrigation and drainage paper 56},
  institution   = {Food and Agriculture Organization of the United Nations},
  note          = {Rome},
  url           = {http://www.fao.org/docrep/X0490E/x0490e00.htm}
}
  
@inproceedings{ feddes87,
  author        = {Feddes, R.A.},
  year          = {1987},
  title         = {Crop factors in relation to Makkink reference-crop evapotranspiration},
  booktitle     = {Hooghart, J.C. (Ed.), Evaporation and Weather: Proceedings and information No. 39},
  organization  = {TNO Committee on Hydrological Research},
  note          = {The Hague},
  owner         = {jeberhard}
}

@article{       fick55,
  author        = {Fick, A.},
  year          = {1855},
  title         = {\"Uber Diffusion},
  journal       = {Poggendorff's Annalen der Physik},
  volume        = {94},
  pages         = {59--86}
}

@electronic{    freep,
  author        = {Novak, R.},
  year          = {2004},
  title         = {Freepsum - Geschichte},
  url           = {http://www.freepsum.com/geschichte.htm (July 10, 2015)}
}

@phdthesis{     guentner02,
  author        = {G\"untner, A.},
  year          = {2002},
  title         = {Large-scale hydrological modelling in the semi-arid north-east of Brazil},
  school        = {Universit\"at Potsdam},
  owner         = {jeberhard}
}

@article{       hamby94,
  author        = {Hamby, D.M.},
  year          = {1994},
  title         = {A review of techniques for parameter sensitivity analysis of environmental models},
  journal       = {Environmental Monitoring and Assessment},
  volume        = {32},
  number        = {2},
  pages         = {135--154}
}

@book{          hemond15,
  author        = {Hemond, H.F. and Fechner, E.J.},
  year          = {2015},
  title         = {Chemical fate and transport in the environment},
  publisher     = {Elsevier},
  owner         = {jeberhard}
}

@article{       hooghoudt40,
  author        = {Hooghoudt, S.B.},
  year          = 1940,
  title         = {Algemene beschouwing van het probleem van de detailontwatering en de infiltratie door middel van parallel lopende drains, greppels, sloten en kanalen},
  journal       = {Versl. Landbouwk. Onderz.},
  volume        = 46,
  pages         = {193 p.}
}

@article{       idso69,
  author        = {Idso, S.B. and Jackson, R.D.},
  year          = {1969},
  title         = {Thermal Radiation from the Atmosphere},
  journal       = {Journal of {G}eophysical {R}esearch},
  volume        = {74},
  number        = {23},
  pages         = {5397--5403},
  owner         = {jeberhard}
}

@article{       jahn79,
  author        = {Jahn, O.L.},
  year          = {1979},
  title         = {Penetration of photosynthetically active radiation as a measurement of canopy density of citrus trees},
  journal       = {Journal of the {A}merican {S}ociety for {H}orticultural {S}cience},
  volume        = {104},
  number        = {4},
  pages         = {557--560},
  owner         = {jeberhard}
}

@incollection{  jarvis81,
  author        = {Jarvis, P.G. and Morison, J.I.L.},
  year          = {1981},
  title         = {The control of transpiration and photosynthesis by the stomata},
  booktitle     = {Stomatal Physiology (S.E.B. Sem. Vol. 8)},
  editor        = {P.G. Jarvis and T.A. Mansfield},
  publisher     = {Cambridge University Press, London},
  pages         = {247--279}
}

@inbook{        jimenez14,
  author        = {Jimenez Cisneros, B.E. and Oki, T. and Arnell, N.W. and Benito, G. and Cogley, J.G. and D\"oll, P. and Jiang, T. and Mwakalila, S.S.},
  year          = {2014},
  title         = {Climate change 2014: impacts, adaptation, and vulnerability. Part A: Global and sectoral aspects. Contribution of Working Group II to the Fifth Assessment Report of the Intergovernmental Panel on Climate Change},
  chapter       = {Freshwater resources},
  pages         = {229--269},
  publisher     = {Cambridge University Press},
  editor        = {Field, C.B. and Barros, V.R. and Dokken, D.J. and Mach, K.J. and Mastrandrea, M.D. and Bilir, T.E. and Chatterjee, M. and Ebi, K.L. and Estrada, Y.O. and Genova, R.C. and Girma, B. and Kissel, E.S. and Levy, A.N. and MacCracken, S. and Mastrandrea, P.R. and White, L.L.}
}

@article{       junge58,
  author        = {Junge, C.E. and Werby, R.T.},
  year          = {1958},
  title         = {The concentration of chloride, sodium, potassium, calcium, and sulfate in rain water over the United States},
  journal       = {Journal of Meteorology},
  volume        = {15},
  pages         = {417--425}
}

@article{       katerji83,
  author        = {Katerji, N. and Perrier, A. and Oulid-Aissa, A.K.},
  year          = {1983},
  title         = {Exploration au champ et interpr\'etation de la variation horizontale et verticale de la r\'esistance stomatique: cas d'une culture de luzerne (\emph{Medicago sativa} L.)},
  journal       = {Agronomie},
  volume        = {3},
  pages         = {847--856}
}

@article{       kliesch16,
  author        = {Kliesch, S. and Behr, L. and Salzmann, T. and Miegel, K.},
  year          = {2016},
  title         = {Simulation des Grundwasserhaushalts in ausgew\"ahlten Niederungsgebieten an der deutschen Ostseek\"uste},
  journal       = {Hydrologie und Wasserbewirtschaftung},
  volume        = {60},
  number        = {2},
  pages         = {108--118}
}

@article{       kneis15,
  author        = {Kneis, D.},
  year          = {2015},
  title         = {A lightweight framework for rapid development of object-based hydrological model engines},
  journal       = {Environmental Modelling \& Software},
  volume        = {68},
  pages         = {110--121},
  owner         = {jeberhard}
}

@article{       kroes00,
  author        = {Kroes, J.G. and Wesseling, J.G. and van Dam, J.C.},
  year          = {2000},
  title         = {Integrated modelling of the soil-water-atmosphere-plant system using the model SWAP 2.0 an overview of theory and an application},
  journal       = {Hydrological Processes},
  volume        = {14},
  pages         = {1993--2002}
}

@misc{          lbegmap,
  author        = {Landesamt f\"ur Bergbau, Energie und Geologie},
  year          = {2008},
  title         = {Untere Ems Lockergestein rechts. Geologischer Schnitt S2},
  note          = {Hannover},
  owner         = {jeberhard}
}

@book{          liedtke95,
  author        = {Liedtke, H. and Marcinek, J.},
  year          = {1995},
  title         = {Physische Geographie Deutschlands},
  publisher     = {Klett-Perthes},
  note          = {Gotha/Stuttgart}
}

@incollection{  lohammar80,
  author        = {Lohammar, T. and Larsson, S. and Linder, S. and Falk, S.O.},
  year          = {1980},
  title         = {FAST-Simulation models of gaseous exchange in Scots pine},
  booktitle     = {Structure and Function of Northern Coniferous Forests -- An Ecosystem Study},
  editor        = {T. Persson},
  publisher     = {Ecol. Bull., 32:505--523}
}
  
@book{          ludwig06,
  editor        = {Ludwig, K. and Bremicker, M.},
  year          = {2006},
  title         = {The water balance model LARSIM -- Design, content and application},
  publisher     = {University of Freiburg, Institute of Hydrology},
  volume        = {22},
  series        = {Freiburger Schriften zur Hydrologie}
}

@article{       maas77,
  author        = {Maas, E.V. and Hoffman, G.J.},
  year          = {1977},
  title         = {Crop salt tolerance-current assessment},
  journal       = {Journal of the Irrigation and Drainage Division, ASCE},
  volume        = {103},
  pages         = {115--134}
}

@book{          maidment93,
  editor        = {Maidment, D.R.},
  year          = {1993},
  title         = {Handbook of Hydrology},
  publisher     = {McGraw-Hill, Inc.},
  owner         = {up}
}

@article{       makkink57,
  author        = {Makkink, G.F.},
  year          = {1957},
  title         = {Testing the {P}enman formula by means of lysimeters},
  journal       = {International {J}ournal of {W}ater {E}ngineering},
  volume        = {11},
  pages         = {277--288}
}

@book{          markvart03,
  author        = {Markvart, T. and Casta{\~n}er, L.},
  year          = {2003},
  title         = {Practical Handbook of Photovoltaics},
  publisher     = {Elsevier}
}

@book{          moene14,
  author     	  = {Moene, A.F. and Van Dam, J.C.},
  year          = {2014},
  title         = {Transport in the atmosphere-vegetation-soil continuum},
  publisher     = {Cambridge University Press},
  note          = {New York},
  owner         = {up}
}

@article{       monteith65,
  author        = {Monteith, J.L.},
  year          = {1965},
  title         = {Evaporation and environment},
  journal       = {Symposia of the Society for Experimental Biology},
  volume        = {19},
  pages         = {205--224}
}

@book{          monteith73,
  author        = {Monteith, J.L.},
  year          = {1973},
  title         = {Principles of Environmental Physics},
  publisher     = {Edward Arnold, 1st ed.},
  note          = {London}
}

@book{          monteith90,
  author        = {Monteith, J.L.},
  year          = {1990},
  title         = {Principles of Environmental Physics},
  publisher     = {Edward Arnold, 2nd ed.},
  note          = {London},
  owner         = {up}
}

% actually a master thesis:
@book{          mroos14,
  author        = {Mroos, K.},
  year          = {2014},
  title         = {Assessment of the soil water balance and irrigation recharge by combination of cosmic ray neutron sensing and eddy covariance technique on a citrus orchard in the Haouz plain, Morocco},
  publisher     = {Universit\"at Potsdam},
  owner         = {jeberhard}
}

@article{       mualem76,
  author        = {Mualem, Y.},
  year          = {1976},
  title         = {A new model for predicting the hydraulic conductivity of unsaturated porous media},
  journal       = {Water Resources Research},
  volume        = {12},
  number        = {3},
  pages         = {513--522}
}

@article{       oudeessink10b,
  author        = {Oude Essink, G.H.P. and Van Baaren, E.S. and De Louw, P.G.B.},
  year          = {2010},
  title         = {Effects of climate change on coastal groundwater systems: A modeling study in the Netherlands},
  journal       = {Water Resources Research},
  volume        = {46},
  number        = {10},
  doi           = {10.1029/2009WR008719},
  note          = {W00F04},
  owner         = {jeberhard}
}

@inproceedings{ rawls85,
  author        = {Rawls, W.J. and Brakensiek, D.L.},
  year          = {1985},
  title         = {Prediction of soil water properties for hydrologic modeling},
  booktitle     = {Proceedings of the Symposium on Watershed Management in the Eighties},
  organization  = {ASCE},
  note          = {Denver, CO},
  pages         = {293--299}
}

@article{       richards31,
  author        = {Richards, L.A.},
  year          = {1931},
  title         = {Capillary conduction of liquids through porous mediums},
  journal       = {Journal of Applied Physics},
  volume        = {1},
  pages         = {318--333}
}

@inproceedings{ richter56,
  author        = {Richter, W. and Flathe, H.},
  year          = {1956},
  title         = {Die Versalzung von k\"ustennahen Grundwassern, dargestellt an einem Teil der deutschen Nordseek\"uste},
  booktitle     = {Internationale hydrologische Tagung in Rom 1954: Deutsche Berichte},
  organization  = {Bundesminister f\"ur Verkehr},
  note          = {Bonn},
  pages         = {118--130},
  owner         = {jeberhard}
}

@article{       saugier91,
  author        = {Saugier, B. and Katerji, N.},
  year          = {1991},
  title         = {Some plant factors controlling evapotranspiration},
  journal       = {Agricultural and Forest Meteorology},
  volume        = {54},
  pages         = {263--277},
  owner         = {jeberhard}
}

@book{          schoenwiese13,
  author        = {Sch\"onwiese, C.-D.},
  year          = {2013},
  title         = {Klimatologie},
  publisher     = {UTB},
  edition       = {4th ed.},
  note          = {Stuttgart},
  owner         = {jeberhard}
}

@article{       shuttleworth76,
  author        = {Shuttleworth, W.J.},
  year          = {1976},
  title         = {A one-dimensional theoretical description of the vegetation-atmosphere interaction},
  journal       = {Boundary-Layer Meteorology},
  volume        = {10},
  pages         = {273--302},
  doi           = {10.1007/bf00919390},
  owner         = {jeberhard}
}

@article{       shuttleworth85,
  author        = {Shuttleworth, W.J. and Wallace, J.S.},
  year          = {1985},
  title         = {Evaporation from sparse crops -- an energy combination theory},
  journal       = {Quarterly Journal of the Royal Meteorological Society},
  volume        = {111},
  pages         = {839--855},
  doi           = {10.1002/qj.49711146910},
  owner         = {jeberhard}
}

@article{       shuttleworth90,
  author        = {Shuttleworth, W.J. and Gurney, R.J.},
  year          = {1990},
  title         = {The theoretical relationship between foliage temperature and canopy resistance in sparse crops},
  journal       = {Quarterly Journal of the Royal Meteorological Society},
  volume        = {116},
  pages         = {497--519},
  doi           = {10.1002/qj.49711649213}
}

@article{       shuttleworth07,
  author        = {Shuttleworth, W.J.},
  year          = {2007},
  title         = {Putting the `vap' into evaporation},
  journal       = {Hydrology \& Earth System Sciences},
  volume        = {11},
  number        = {1},
  pages         = {210--244},
  owner         = {jeberhard}
}

@incollection{  sonnewald13,
  author        = {Sonnewald, U.},
  year          = {2013},
  title         = {Physiology of Movement},
  booktitle     = {Strasburger's Plant Science},
  editor        = {Bresinsky, A. and K\"orner, C. and Kadereit, J.W. and Neuhaus, G. and Sonnewald, U.},
  pages         = {531--568},
  publisher     = {Springer},
  owner         = {jeberhard}
}

@book{          sres,
  author        = {Naki\'cenovi\'c, N. and Swart, R.},
  year          = {2000},
  title         = {Special Report on Emissions Scenarios: A special report of Working Group III of the Intergovernmental Panel on Climate Change},
  publisher     = {Cambridge University Press},
  owner         = {jeberhard}
}

@book{          streif90,
  author        = {Streif, H.},
  year          = {1990},
  title         = {Das ostfriesische K\"ustengebiet},
  publisher     = {Sammlung Geologischer F\"uhrer, Gebr. Borntr\"ager}
}

@inproceedings{	stuyfzand08,
  author        = {Stuyfzand, P.J. and Stuurman, R.J.},
  year          = {2008},
  title         = {Origin, distribution and chemical mass balances for brackish and saline groundwaters in The Netherlands},
  booktitle     = {Proc. 1st SWIM-SWICA Joint Saltwater Intrusion Conference, Cagliari-Baia de Chia, Sardinia},
  organization  = {Barrocu, G. (Ed.)},
  pages 		    = {151--164}
}

@article{       swap,
  author        = {Kroes, J.G. and Wesseling, J.G. and Van Dam, J.C.},
  year          = {2000},
  title         = {Integrated modelling of the soil-water-atmosphere-plant system using the model SWAP 2.0 an overview of theory and an application},
  journal       = {Hydrological Processes},
  volume        = {14},
  pages         = {1993--2002},
  owner         = {jeberhard}
}

@book{          swapmanu,
  author        = {Kroes, J.G. and Van Dam, J.C. and Groenendijk, P. and Hendriks, R.F.A. and Jacobs, C.M.J.},
  year          = {2008},
  title         = {SWAP version 3.2. Theory description and user manual},
  publisher     = {Alterra},
  note          = {Wageningen},
  owner         = {jeberhard}
}

@techreport{    swapsens,
  author        = {Wesseling, J.G. and Kroes, J.G. and Metselaar, K.},
  year          = {1998},
  title         = {Global sensitivity analysis of the soil--water--atmosphere--plant (SWAP) model},
  institution	  = {DLO Winand Staring Centre},
  volume        = {Report 160},
  owner         = {jeberhard}
}

@phdthesis{     swaptheo,
  author        = {Van Dam, J.C.},
  year          = {2000},
  title         = {Field-scale water flow and solute transport: {SWAP} model concepts, parameter estimation and case studies},
  school        = {Wageningen UR}
}

@book{          taylor72,
  author        = {Taylor, S.A. and Ashcroft, G.L.},
  year          = {1972},
  title         = {Physical edaphology},
  publisher     = {W.H. Freeman and Company},
  note          = {San Francisco},
  owner         = {jeberhard}
}

@techreport{    tetzlaff83,
  author        = {Tetzlaff, G.},
  year          = {1983},
  title         = {Albedo of the {S}ahara},
  booktitle     = {Satellite Measurements of Radiation Budget Parameters},
  institution   = {University of Cologne}
}

@incollection{  uchijima76,
  author        = {Uchijima, Z.},
  year          = {1976},
  title         = {Maize and Rice},
  booktitle     = {Vegetation and the atmosphere, Vol. 2},
  editor        = {Monteith, J.L.},
  pages         = {1--31},
  publisher     = {Academic Press}
}

@article{       vangenuchten80,
  author        = {Van Genuchten, M.T.},
  year          = {1980},
  title         = {A closed-form equation for predicting the hydraulic conductivity of unsaturated soils},
  journal       = {Soil Science Society of America Journal},
  volume        = {44},
  number        = {5},
  pages         = {892--898}
}

@article{       vega15,
  author        = {de la Vega-Leinert, A.C. and Stoll-Kleemann, S.},
  year          = {2015},
  title         = {Identifying gaps between science, policy and societal perspectives on coastal land use: The case of managed realignment in Dar{\ss}-Zingst region, Mecklenburg Western Pomerania, Eastern German Baltic coast},
  journal       = {Greifswalder geographische Arbeiten},
  volume        = {51},
  pages         = {41--67}
}

@inbook{        verry11,
  author        = {Verry, E.S. and Boelter, D.H. and P\"aiv\"anen, J. and Nichols, D.S. and Malterer, T. and Gafni, A.},
  year          = {2011},
  title         = {Peatland biochemistry and watershed hydrology at the Marcell Experimental Forest},
  chapter       = {Physical properties of organic soils},
  pages         = {135--176},
  publisher     = {CRC Press},
  editor        = {Kolka, R.K. and Sebestyen, S.D. and Verry, E.S. and Brooks, K.N.}
}

@article{       vonhoy83,
  author        = {von Hoyningen-Huene, J.},
  year          = {1983},
  title         = {Die Interception des Niederschlags in landwirtschaftlichen Best\"anden},
  journal       = {Schriftenreihe des DVWK},
  volume        = {57},
  pages         = {1--53}
}

@article{       warrit80,
  author        = {Warrit, B. and Landsberg, J.J. and Thorpe, M.R.},
  year          = {1980},
  title         = {Response of apple leaf stomata to environmental factors},
  journal       = {Plant Cell Environment},
  volume        = {3},
  pages         = {13--22}
}

@phdthesis{     weerts96,
  author        = {Weerts, J.T.},
  year          = {1996},
  title         = {Complex confining layers. Architecture and hydraulic properties of Holocene and Late Weichselian deposits in the fluvial Rhine-Meuse delta, the Netherlands},
  school        = {University of Utrecht}
}

@article{       weynants09,
  author        = {Weynants, M. and Vereecken, H. and Javaux, M.},
  year          = {2009},
  title         = {Revisiting Vereecken pedotransfer functions: Introducing a closed-form hydraulic model},
  journal       = {Vadose Zone Journal},
  volume        = {8},
  pages         = {86--95}
}

@book{          wildvang38,
  author        = {Wildvang, D.},
  year          = {1938},
  title         = {Die Geologie Ostfrieslands},
  publisher     = {Preu{\ss}ische Geologische Landesanstalt},
  note          = {Berlin}
}

@article{       witte16,
  author        = {Witte, S. and Giani, L.},
  year          = {2016},
  title         = {Greenhouse gas emissions and balance of marshes at the southern {N}orth {S}ea coast},
  journal       = {Wetlands},
  volume        = {36},
  pages         = {121--132}
}

@article{       woesten99,
  author        = {W\"osten, J.H.M. and Lilly, A. and Nemes, A. and le Bas, C.},
  year          = {1999},
  title         = {Development and use of a database of hydraulic properties of European soils},
  journal       = {Geoderma},
  volume        = {90},
  number        = {3--4},
  pages         = {169--185}
}

@article{       xueckstein97,
  author        = {Xu, M. and Eckstein, Y.},
  year          = {1997},
  title         = {Statistical analysis of the relationships between dispersivity and other physical properties of porous media},
  journal       = {Hydrogeology Journal},
  volume        = {5},
  number        = {4},
  pages         = {4--20}
}

@misc{          unknown,
  author        = {MISSING},
  year          = {--}
}